@book{lab,
    title = {Лабораторный практикум по общей физике: учеб. пособие. В трёх томах. Т. 2. Оптика},
    author = {Под ред. А.В. Максимычева},
    isbn = {978-5-7417-0507-0},
    year = {2014},
    publisher = {МФТИ},
    keywords = {physics}
}

% Этот пример я нагло украл из https://www.overleaf.com/learn/latex/Bibliography_management_in_LaTeX
% Там много полезного, в том числе красивые кастомы.