@article{bebebe,
    author = "M.J.Buckingham, B. Sc., Ph. D.",
    title = "Noise in electronic devices and systems",
    journal = "E.Horwood series Electrical and electronic engineering",
    pages = "192--215",
    year = "1983",
    keywords = "noise"
}

@article{buck,
    author = "М. Букингем",
    title = "Шумы в электронных приборов и системах",
    journal = "E.Horwood series Electrical and electronic engineering",
    pages = "192--215",
    year = "1983",
    keywords = "physics"
}

@article{wolf,
    author = "Д. Вольф, Е. Холлер",
    title = "Бистабильные флуктуации тока в  обратно-смещённых p-n переходах германия",
    journal = "Journal of apllied physics",
    pages = "189--192",
    year = "1967",
    keywords = "physics"
}

@article{yakub,
    title = "Генерационно-рекомбинационный шум в полупроводниках",
    author = "Б.И. Якубович",
    series = "Научное приборостроение, том 23, № 4",
    pages = "50--53",
    year = "2013",
    keywords = "physics"
}

@online{nist,
    author = "Национальный инстутут стандартов и технологий",
    title = "Генерация случайных чисел",
    url  = "https://csrc.nist.gov/projects/random-bit-generation/documentation-and-software",
    keywords = "latex,knuth"
}

%@inbook{knuth-fa,
%    author = "Donald E. Knuth",
%    title = "Fundamental Algorithms",
%    publisher = "Addison-Wesley",
%    year = "1973",
%    chapter = "1.2",
%    keywords  = "knuth,programming"
%}

% Этот пример я нагло украл из https://www.overleaf.com/learn/latex/Bibliography_management_in_LaTeX
% Там много полезного, в том числе красивые кастомы.